<record><leader>00000cas a22000007a 4500</leader><controlfield tag="001">15648357</controlfield><controlfield tag="008">870508d18891927msuwr ne      0    0eng d</controlfield><datafield ind1=" " ind2=" " tag="010"><subfield code="a">sn 87065366 </subfield></datafield><datafield ind1=" " ind2=" " tag="040"><subfield code="a">MJA</subfield><subfield code="b">eng</subfield><subfield code="c">MJA</subfield><subfield code="d">MSJ</subfield><subfield code="d">OCLCQ</subfield></datafield><datafield ind1=" " ind2=" " tag="042"><subfield code="a">msc</subfield></datafield><datafield ind1="0" ind2="4" tag="245"><subfield code="a">The McComb city enterprise.</subfield></datafield><datafield ind1=" " ind2=" " tag="260"><subfield code="a">McComb, Miss. :</subfield><subfield code="b">R.B. May,</subfield><subfield code="c">-1927.</subfield></datafield><datafield ind1=" " ind2=" " tag="310"><subfield code="a">Weekly</subfield></datafield><datafield ind1="1" ind2=" " tag="362"><subfield code="a">Began in 1889.</subfield></datafield><datafield ind1="0" ind2=" " tag="362"><subfield code="a">-v. 37, no. 4 (Jan. 28, 1927).</subfield></datafield><datafield ind1=" " ind2=" " tag="588"><subfield code="a">Description based on: Vol. 18, no. 48 (Aug. 28, 1902).</subfield></datafield><datafield ind1=" " ind2=" " tag="752"><subfield code="a">United States</subfield><subfield code="b">Mississippi</subfield><subfield code="c">Pike</subfield><subfield code="d">McComb.</subfield></datafield><datafield ind1="0" ind2="5" tag="780"><subfield code="t">Mississippi farm and home</subfield></datafield><datafield ind1="0" ind2="0" tag="785"><subfield code="t">McComb enterprise</subfield><subfield code="w">(OCoLC)15648436</subfield></datafield></record>